@article{knuth84,
  author = {Knuth, Donald E.},
  title = {Literate Programming},
  year = {1984},
  issue_date = {May 1984},
  publisher = {Oxford University Press, Inc.},
  address = {USA},
  volume = {27},
  number = {2},
  issn = {0010-4620},
  url = {https://doi.org/10.1093/comjnl/27.2.97},
  doi = {10.1093/comjnl/27.2.97},
  journal = {Comput. J.},
  month = may,
  pages = {97–111},
  numpages = {15}
}


@article{das2016data,
  title={Data science: theories, models, algorithms, and analytics},
  author={Das, Sanjiv Ranjan},
  journal={Learning},
  volume={143},
  pages={145},
  year={2016}
}


@Manual{r,
  title = {R: A Language and Environment for Statistical Computing},
  author = {{R Core Team}},
  organization = {R Foundation for Statistical Computing},
  address = {Vienna, Austria},
  year = {2022},
  url = {https://www.R-project.org/}
}

@Manual{rstudio, 
  title = {RStudio: Integrated Development Environment for R}, 
  author = {{RStudio Team}}, 
  organization = {RStudio, PBC.}, 
  address = {Boston, MA}, 
  year = {2020}, 
  url = {http://www.rstudio.com/},
}


@Article{targets,
    title = {The targets R package: a dynamic Make-like function-oriented pipeline toolkit for reproducibility and high-performance computing},
    author = {William Michael Landau},
    journal = {Journal of Open Source Software},
    year = {2021},
    volume = {6},
    number = {57},
    pages = {2959},
    url = {https://doi.org/10.21105/joss.02959}
  }
  
@Manual{text2vec,
    title = {text2vec: Modern Text Mining Framework for R},
    author = {Dmitriy Selivanov and Manuel Bickel and Qing Wang},
    year = {2022},
    note = {R package version 0.6.2},
    url = {https://CRAN.R-project.org/package=text2vec}
  }
  
  
@Manual{rvest,
    title = {rvest: Easily Harvest (Scrape) Web Pages},
    author = {Hadley Wickham},
    year = {2022},
    note = {R package version 1.0.3},
    url = {https://CRAN.R-project.org/package=rvest}
  }
  
  
@Manual{rselenium,
    title = {RSelenium: R Bindings for 'Selenium WebDriver'},
    author = {John Harrison},
    year = {2022},
    note = {R package version 1.7.9},
    url = {https://CRAN.R-project.org/package=RSelenium}
  }
  
@Manual{dt,
    title = {DT: A Wrapper of the JavaScript Library 'DataTables'},
    author = {Yihui Xie and Joe Cheng and Xianying Tan},
    year = {2022},
    note = {R package version 0.26},
    url = {https://CRAN.R-project.org/package=DT}
  }
  
@Article{tidyverse,
    title = {Welcome to the {tidyverse}},
    author = {Hadley Wickham and Mara Averick and Jennifer Bryan and Winston Chang and Lucy D'Agostino McGowan and Romain Françoi and  Garrett Grolemun and  Alex Haye and  Lionel Henr and  Jim Heste and  Max Kuh and  Thomas Lin Pederse and  Evan Mille and  Stephan Milton Bach and  Kirill Müll and , Jeroen Oo and , David Robins and , Dana Paige Seid and , Vitalie Spi and , Kohske Takahas and , Davis Vaugh and , Claus Wil and , Kara W and , Hiroaki Yutani},
    year = {2019},
    journal = {Journal of Open Source Software},
    volume = {4},
    number = {43},
    pages = {1686},
    doi = {10.21105/joss.01686}
  }
  
  @Article{tidytext,
    title = {tidytext: Text Mining and Analysis Using Tidy Data Principles in R},
    author = {Julia Silge and David Robinson},
    doi = {10.21105/joss.00037},
    url = {http://dx.doi.org/10.21105/joss.00037},
    year = {2016},
    publisher = {The Open Journal},
    volume = {1},
    number = {3},
    journal = {JOSS}
  }
  
@Manual{kableextra,
    title = {kableExtra: Construct Complex Table with 'kable' and Pipe Syntax},
    author = {Hao Zhu},
    year = {2021},
    note = {R package version 1.3.4},
    url = {https://CRAN.R-project.org/package=kableExtra}
  }
  
@Manual{snowballc,
    title = {SnowballC: Snowball Stemmers Based on the C 'libstemmer' UTF-8 Library},
    author = {Milan Bouchet-Valat},
    year = {2020},
    note = {R package version 0.7.0},
    url = {https://CRAN.R-project.org/package=SnowballC}
  }
